@inproceedings{driscoll1986making,
  title={Making data structures persistent},
  author={Driscoll, James R and Sarnak, Neil and Sleator, Daniel Dominic and Tarjan, Robert Endre},
  booktitle={Proceedings of the eighteenth annual ACM symposium on Theory of computing},
  pages={109--121},
  year={1986},
  organization={ACM}
}

@inproceedings{kaplan1995persistent,
  title={Persistent data structures},
  author={Kaplan, Haim},
  booktitle={In handbook on data structures and applications, CRC Press 2001, Dinesh Mehta and Sartaj Sahni (editors) Boroujerdi, A., and Moret, Bme," Persistency in Computational Geometry," proc. 7th Canadian Conf. Comp. Geometry, Quebec},
  year={1995},
  organization={Citeseer}
}

@inproceedings{fiat2001making,
  title={Making data structures confluently persistent},
  author={Fiat, Amos and Kaplan, Haim},
  booktitle={Proceedings of the twelfth annual ACM-SIAM symposium on Discrete algorithms},
  pages={537--546},
  year={2001},
  organization={Society for Industrial and Applied Mathematics}
}

@article{DBLP:journals/jal/FiatK03,
  author    = {Amos Fiat and
               Haim Kaplan},
  title     = {Making data structures confluently persistent},
  journal   = {J. Algorithms},
  volume    = {48},
  number    = {1},
  pages     = {16--58},
  year      = {2003},
  url       = {http://dx.doi.org/10.1016/S0196-6774(03)00044-0},
  doi       = {10.1016/S0196-6774(03)00044-0},
  timestamp = {Mon, 01 Nov 4441920 19:25:04 +},
  biburl    = {http://dblp.uni-trier.de/rec/bib/journals/jal/FiatK03},
  bibsource = {dblp computer science bibliography, http://dblp.org}
}

@incollection{demaine2008confluently,
  title={Confluently persistent tries for efficient version control},
  author={Demaine, Erik D and Langerman, Stefan and Price, Eric},
  booktitle={Algorithm Theory--SWAT 2008},
  pages={160--172},
  year={2008},
  publisher={Springer}
}

@inproceedings{soda12,
  author = "Gerth St{\o}lting Brodal and Spyros Sioutas and Konstantinos Tsakalidis and Kostas Tsichlas",
  booktitle = "Proc. 23rd Annual ACM-SIAM Symposium on Discrete Algorithms",
  doi = "siam.omnibooksonline.com/2012SODA/data/papers/498.pdf",
  isbn = "978-1-611972-11-5",
  issn = "1557-9468",
  pages = "602-614",
  title = "Fully Persistent B-trees",
  year = "2012"
}

@phdthesis{muhl2002pubsub,
  title={Large-scale content-based publish-subscribe systems},
  author={M{\"u}hl, Gero},
  year={2002},
  school={TU Darmstadt}
}

@phdthesis{fielding2000architectural,
  title={Architectural styles and the design of network-based software architectures},
  author={Fielding, Roy Thomas},
  year={2000},
  school={University of California, Irvine}
}
// Next article is good and has some nice references
@incollection{burckhardt2012cloud,
  title={Cloud types for eventual consistency},
  author={Burckhardt, Sebastian and F{\"a}hndrich, Manuel and Leijen, Daan and Wood, Benjamin P},
  booktitle={ECOOP 2012--Object-Oriented Programming},
  pages={283--307},
  year={2012},
  publisher={Springer}
}

@inproceedings{wang2008scientific,
  title={Scientific Cloud Computing: Early Definition and Experience.},
  author={Wang, Lizhe and Tao, Jie and Kunze, Marcel and Castellanos, Alvaro Canales and Kramer, David and Karl, Wolfgang},
  booktitle={Handbook of Cloud Computing},
  volume={8},
  pages={825--830},
  year={2008}
}

@article{strakafunctional,
  title={Functional Data Structures and Algorithms},
  author={Straka, Milan}
}

@online{IBMCloud,
  author={IBM},
  title={{IBM Cloud Computing: What is cloud computing? - United States}},
  url={http://www.ibm.com/cloud-computing/us/en/what-is-cloud-computing.html},
  urldate={2015-03-26},
  year={2015}
}

@misc{rfc2119,
  author="S. Bradner",
  title="{Key words for use in RFCs to Indicate Requirement Levels}",
  series="Request for Comments",
  number="2119",
  howpublished="RFC 2119 (Best Current Practice)",
  publisher="IETF",
  organization="Internet Engineering Task Force",
  year=1997,
  month=mar,
    url="http://www.ietf.org/rfc/rfc2119.txt",
}

@misc{rfc6455,
  author="I. Fette and A. Melnikov",
  title="{The WebSocket Protocol}",
  series="Request for Comments",
  number="6455",
  howpublished="RFC 6455 (The WebSocket Protocol)",
  publisher="IETF",
  organization="Internet Engineering Task Force",
  year=2011,
  month=dec,
    url="http://tools.ietf.org/html/rfc6455",
}

@article{fette2011websocket,
  title={The websocket protocol},
  author={Fette, Ian and Melnikov, Alexey},
  year={2011}
}

@inproceedings{fraser2009differential,
  title={Differential synchronization},
  author={Fraser, Neil},
  booktitle={Proceedings of the 9th ACM symposium on Document engineering},
  pages={13--20},
  year={2009},
  organization={ACM}
}

@online{nodejs,
  author = {Joyent},
  title = {{Node.js}},
  year = 2010,
  url = {http://www.nodejs.org},
  urldate = {2015-05-07}
}

@online{OAuth2,
  author = {Aaron Parecki},
  title = {{OAuth}},
  year = 2015,
  url = {http://oauth.net/2/},
  urldate = {2015-05-09}
}

@techreport{bagwell2001ideal,
  title={Ideal hash trees},
  author={Bagwell, Phil},
  year={2001}
}

@article{fielding2006hypertext,
  title={Hypertext transfer protocol--HTTP/1.1, 1999},
  author={Fielding, Roy and Gettys, Jim and Mogul, Jeffrey and Frystyk, Henrik and Masinter, Larry and Leach, Paul and Berners-Lee, Tim},
  journal={RFC2616},
  year={2006}
}

@online{firebase,
  title={{Firebase}},
  url={http://firebase.io},
  year=2015,
  urldate={2015-05-09}
}

@online{datomic,
  title={{Datomic}},
  url={http://datomic.com},
  year = 2015,
  urldate={2015-05-09}
}

@online{orchestrate,
  title={{Orchestrate}},
  url={http://orchestrate.io},
  year = 2015,
  urldate={2015-05-09}
}

@online{bsonspec,
  title={{BSON - Binary JSON}},
  url={http://bsonspec.org},
  year = 2015,
  urldate={2015-05-13}
}

@online{apacheComponents,
  title={{Apache HTTPComponents}},
  author={{Apache}},
  year = 2015,
  url={http://hc.apache.org},
  urldate={2015-05-18}
}

@online{coreos,
  title={{CoreOS}},
  year = 2015,
  url={https://coreos.com/},
  urldate={2015-05-19}
}

@online{docker,
  title={{Docker}},
  year = 2015,
  url={http://www.docker.com/},
  urldate={2015-05-19}
}

% Flux
@online{flux,
  title={Flux},
  year = 2015,
  url={https://facebook.github.io/flux/docs/overview.html},
  urldate={2015-05-19}
}
% ReactJS
@online{reactjs,
  title={ReactJS},
  year = 2015,
  url={https://facebook.github.io/react/index.html},
  urldate={2015-05-19}
}
% MVC
@online{mvc,
  title={{Journey Through The Javascript MVC Jungle}},
  year = 2012,
  author={Osmani, Addy},
  url={http://www.smashingmagazine.com/2012/07/27/journey-through-the-javascript-mvc-jungle/},
  urldate={2015-05-19}
}

@online{react_perf,
  title={React vs AngularJS vs KnockoutJS: a Performance Comparison},
  url={https://www.codementor.io/reactjs/tutorial/reactjs-vs-angular-js-performance-comparison-knockout},
  author={Harrington, Chris},
  year=2015,
  urldate={2015-05-19}
}

@book{watt2001java,
  title={Java collections: an introduction to abstract data types, data structures and algorithms},
  author={Watt, David A and Brown, Deryck},
  year={2001},
  publisher={John Wiley \& Sons, Inc.}
}

@online{googleBlogger,
  title={{Blogger JSON API: Performance Tips}},
  url={https://developers.google.com/blogger/docs/3.0/performance},
  author={{Google}},
  year={2014},
  urldate={2015-05-19}
}

@online{clojureHAMT,
  title={{Understanding Clojure's PersistentHashMap}},
  url={http://blog.higher-order.net/2009/09/08/understanding-clojures-persistenthashmap-deftwice.html},
  year=2009,
  author={Krukow, Karl},
  urldate={2015-05-20}
}

@online{scalaHAMT,
  title={{Scala Standard Library - TrieMap}},
  url={http://www.scala-lang.org/files/archive/nightly/docs/library/index.html#scala.collection.concurrent.TrieMap},
  author={{Scala}},
  year=2013,
  urldate={2015-05-20}
}

@online{redis,
  title={{Redis}},
  author={{Redis}},
  url={http://redis.io/},
  year=2015,
  urldate={2015-05-20}
}

@online{rocksdb,
  title={{RocksDB}},
  author={{Facebook}},
  url={http://rocksdb.org/},
  year=2015,
  urldate={2015-05-20}
}

@online{leveldb,
  title={{LevelDB}},
  author={{Google}},
  year=2015,
  url={http://leveldb.org/},
  urldate={2015-05-20}
}

@online{googleSignin,
  title={{Google Identity Platform}},
  url={https://developers.google.com/identity/},
  author={{Google}},
  year=2015,
  urldate={2015-05-20}
}

@online{githubSignin,
  title={{OAuth | GitHub API}},
  author={{GitHub}},
  url={https://developer.github.com/v3/oauth/},
  year={2015},
  urldate={2015-05-20}
}

@online{d3Force,
  title={{Force Layout}},
  author={Bostock, Mike},
  url={https://github.com/mbostock/d3/wiki/Force-Layout},
  urldate={2015-05-21}
}

@online{dagre,
  title={{cpettitt/dagre-d3 GitHub}},
  author={Pettitt, Chris},
  url={https://github.com/cpettitt/dagre-d3},
  urldate={2015-05-23}
}

@article{escriva2012hyperdex,
  title={HyperDex: A distributed, searchable key-value store},
  author={Escriva, Robert and Wong, Bernard and Sirer, Emin G{\"u}n},
  journal={ACM SIGCOMM Computer Communication Review},
  volume={42},
  number={4},
  pages={25--36},
  year={2012},
  publisher={ACM}
}

@techreport{rfc7231,
  title={and J. Reschke, Ed.," Hypertext Transfer Protocol (HTTP/1.1): Semantics and Content},
  author={Fielding, R},
  institution={RFC 7231, June 2014,< http://www. rfc-editor. org/info/rfc7231}
}

@online{fluxDispatcher,
  title={{Flux | Application Architecture for Building User Interfaces.}},
  author={{Facebook}},
  url={https://facebook.github.io/flux/docs/dispatcher.html},
  date=2014,
  urldate={2015-05-25}
}

@online{qwest,
  title={{pyrsmk/qwest}},
  author={Delogu, Aurelien},
  urldate={2015-05-25},
  url={https://github.com/pyrsmk/qwest},
  date={2014}
}

@online{socket.io,
  title={{Socket.IO}},
  url={http://socket.io/},
  urldate={2015-05-25},
  date={2015}
}

@online{socket.io_room,
  title={{Socket.IO - Rooms and Namespaces}},
  url={http://socket.io/docs/rooms-and-namespaces/},
  urldate={2015-05-25},
  date={2015}
}

@online{databaseServices,
  title={{10 of the most useful cloud databases}},
  author={Butler, Brandon},
  url={http://www.networkworld.com/article/2162274/cloud-computing/10-of-the-most-useful-cloud-databases.html},
  urldate={2015-05-25},
  date={2014}
}

@article{git,
  title={Git},
  author={Torvalds, Linus and Hamano, Junio C},
  url={http://git-scm.com},
  year={2005},
  urldate={2015-05-25}
}

@inproceedings{bcrypt,
  title={Bcrypt Algorithm},
  author={Provos, Niels and Mazieres, David},
  year={1999},
  organization={USENIX}
}

@book{mongodb,
  title={The definitive guide to MongoDB: the noSQL database for cloud and desktop computing},
  author={Membrey, Peter and Plugge, Eelco and Hawkins, DUPTim},
  year={2010},
  publisher={Apress}
}

@article{ipython,
  Author    = {P\'erez, Fernando and Granger, Brian E.},
  Title     = {{IP}ython: a System for Interactive Scientific Computing},
  Journal   = {Computing in Science and Engineering},
  Volume    = {9},
  Number    = {3},
  Pages     = {21--29},
  month     = may,
  year      = 2007,
  url       = "http://ipython.org",
  ISSN      = "1521-9615",
  doi       = {10.1109/MCSE.2007.53},
  publisher = {IEEE Computer Society},
}

@online{dat,
  title={{Versioned Data, Collaborated}},
  author={M. Ogden},
  url={http://dat-data.com/},
  urldate={2015-08-13},
  date={2015}
}

@online{datcore,
  title={{maxodgen/dat-core}},
  author={M. Ogden and Contributors},
  url={https://github.com/maxogden/dat-core},
  urldate={2015-08-13},
  date={2015}
}

@article{zobrist,
  title={A new hashing method with application for game playing},
  author={Zobrist, Albert L},
  journal={ICCA journal},
  volume={13},
  number={2},
  pages={69--73},
  year={1970}
}

@online{ckan,
  title={{ckan - The open source data portal software}},
  author={ckan},
  url={http://ckan.org/},
  urldate={2015-08-13},
  date={2015}
}

@online{mercurial,
  title={Mercurial SCM},
  author={Mercurial},
  url={https://mercurial.selenic.com/},
  year={2015},
  urldate={2015-08-29}
}

@online{github,
  title={GitHub - Where software is built},
    author={GitHub},
    url={https://github.com/},
    year={2015},
    urldate={2015-08-29}
}

@online{bitbucket,
  title={Git and Mercurial code management for your team},
    author={Bitbucket},
    url={https://bitbucket.org/},
    year={2015},
    urldate={2015-08-29}
}

@online{googledrive, 
  title={Google Drive - Cloud Storage and File Backup for Photos, Docs and More.},
    author={Google},
    url={https://www.google.com/drive/},
    year={2015},
    urldate={2015-08-29}
}

@online{javascriptobj,
  title={{Objects | JavaScript Tutorial}},
    author={Ilya Kantor},
    url={http://javascript.info/tutorial/objects},
    year={2015},
    urldate={2015-08-30}
}

@online{pythondict,
  title={{Built-in Types -- Python 2.7.10 documentation}},
    author={Python},
    url={https://docs.python.org/2/library/stdtypes.html#mapping-types-dict},
    year={2015},
    urldate={2015-08-30}
}

@article{marsland1986review,
  title={A review of game-tree pruning},
  author={Marsland, T Anthony},
  journal={ICCA journal},
  volume={9},
  number={1},
  pages={3--19},
  year={1986}
}

@online{gitData,
title={Git and {GitHub} for Data},
author={Pollock, Rufus},
urldate={2015-08-30},
url={http://blog.okfn.org/2013/07/02/git-and-github-for-data/}
}

@InProceedings{Bhattacherjee2015,
  Title                    = {Principles of Dataset Versioning: Exploring the Recreation/Storage Tradeoff},
  Author                   = {Souvik Bhattacherjee and Amit Chavan and Silu Huang and Amol Deshpande and Aditya Parameswaran},
  Booktitle                = {41st International Conference on Very Large Data Bases},
  Year                     = {2015},

  Address                  = {Kohala Coast, Hawaii},
  Number                   = {1},
  Pages                    = {1346--1357},
  Volume                   = {8},
}

@online{mocha,
title={{Mocha - the fun, simple, flexible JavaScript testing framework.}},
author={Mocha},
urldate={2015-10-06},
url={https://mochajs.org}
}

@online{chai,
title={{Chai}},
author={Chai},
urldate={2015-10-06},
url={http://chaijs.com/}
}

@online{supertest,
title={{Super-agent driven library for testing node.js HTTP servers using a fluent API}},
author={Supertest},
urldate={2015-10-06},
url={https://github.com/visionmedia/supertest}
}

@inproceedings{twigg2011stratified,
  title={Stratified B-trees and Versioned Dictionaries},
  author={Twigg, Andy and Byde, Andrew and Milos, Grzegorz and Moreton, Tim and Wilkes, John and Wilkie, Tom},
  booktitle={Proceedings of the 3rd USENIX conference on hot topics in storage and file systems, HotStorage},
  volume={11},
  pages={10--10},
  year={2011}
}

@inproceedings{brodal2012fully,
  title={Fully persistent B-trees},
  author={Brodal, Gerth St{\o}lting and Tsakalidis, Konstantinos and Sioutas, Spyros and Tsichlas, Kostas},
  booktitle={Proceedings of the twenty-third annual ACM-SIAM symposium on Discrete Algorithms},
  pages={602--614},
  year={2012},
  organization={SIAM}
}

@article{varda2008protocol,
  title={Protocol buffers: Google's data interchange format},
  author={Varda, Kenton},
  journal={Google Open Source Blog},
  year={2008}
}

@techreport{jones2014n,
  title={N. sakimura," json web token (jwt)},
  author={Jones, M and Bradley, J},
  year={2014},
  institution={Internet-Draft draft-ietf-oauth-json-web-token-32}
}

@online{denverDataSet,
  title={{Denver Open Data Catalog: Checkbook}},
  author={Denver County and City},
  year={2015},
  url={http://data.denvergov.org/dataset/city-and-county-of-denver-checkbook}
}

@book{williams1998gnuplot,
  title={GNUplot: an interactive plotting program},
  author={Williams, Thomas and Kelley, Colin},
  year={1998}
}

@techreport{bagwell2011rrb,
  title={{RRB Trees: Efficient Immutable Vectors}},
  author={{Bagwell, Philip and Rompf, Tiark}},
  year={2011}
}

@online{nvm,
  title={Node Version Manager},
  author={Creationix and Contributers},
  year={2015},
  url={https://github.com/creationix/nvm},
  urldate={2015-10-28}
}

@misc{gson,
  title={Gson user guide},
  author={Singh, Inderjeet and Leitch, Joel and Wilson, Jesse},
  url={https://sites.google.com/site/gson/gson-user-guide},
  year={2011}
}

@misc{cytoscape,
    title={Cytoscape.js},
    author={Cytoscape},
    url={http://js.cytoscape.org/},
    year={2015},
    urldate={2015-11-02}
}

@misc{gradleJava,
  title={{Gradle 2.8 - Java Plugin}},
  author={{Gradle}},
  url={https://docs.gradle.org/current/userguide/java_plugin.html},
  year={2015},
  urldate={2015-11-03}
}

@misc{superagent, 
  title={{SuperAgent - AJAX with less suck.}},
  author={{SuperAgent}},
  year={2015},
  url={https://visionmedia.github.io/superagent/},
  urldate={2015-11-04}
}

@misc{eventemitter,
  title={{Events NodeJS v5.0.0 Manual and Documentation}},
  url={https://nodejs.org/api/events.html},
  author={{NodeJS}},
  year={2015},
  urldate={2015-11-04}
}

@article{reese2008nginx,
  title={Nginx: the high-performance web server and reverse proxy},
  author={Reese, Will},
  journal={Linux Journal},
  volume={2008},
  number={173},
  pages={2},
  year={2008},
  publisher={Belltown Media}
}

@misc{googleOptimize,
  title={{Optimizing encoding and transfer size of text-based assets}},
  url={https://developers.google.com/web/fundamentals/performance/optimizing-content-efficiency/optimize-encoding-and-transfer?hl=en},
  year={2015},
  author={{Google}},
  urldate={2015-11-06}
}

@misc{isparta,
  title={{A code coverage tool for ES6 using babel}},
  author={Duteil, Douglas},
  year={2015},
  url={https://github.com/douglasduteil/isparta},
  urldate={2015-11-06}
}

@misc{pm2,
  title={{PM2 - Advanced Node.js process manager for Node.js}},
  author={{PM2}},
  year={2015},
  url={http://pm2.keymetrics.io/},
  urldate={2015-11-06}
}